@ARTICLE{Nich68, 
author={T. A. J. Nicholson}, 
journal={Proceedings of the Institution of Electrical Engineers}, 
title={Permutation procedure for minimising the number of crossings in a network}, 
year={1968}, 
volume={115}, 
number={1}, 
pages={21-26}, 
keywords={computer applications;mathematics}, 
doi={10.1049/piee.1968.0004}, 
ISSN={0020-3270}, 
month={January}}

@INPROCEEDINGS{Wat02, 
author={M. Wattenberg}, 
booktitle={IEEE Symposium on Information Visualization, 2002. INFOVIS 2002.}, 
title={Arc diagrams: visualizing structure in strings}, 
year={2002}, 
volume={}, 
number={}, 
pages={110-116}, 
keywords={data visualisation;arc diagrams;structure visualization;string data;compiled code;Data visualization;DNA;Chaos;Performance analysis;Displays;Histograms;Frequency;Image sequence analysis;Autocorrelation;Pixel}, 
doi={10.1109/INFVIS.2002.1173155}, 
ISSN={1522-404X}, 
month={Oct}}

@inproceedings{Aich02,
 author = {Aichholzer, Oswin and Aurenhammer, Franz and Krasser, Hannes},
 title = {On the Crossing Number of Complete Graphs},
 booktitle = {Proceedings of the Eighteenth Annual Symposium on Computational Geometry},
 series = {SCG '02},
 year = {2002},
 isbn = {1-58113-504-1},
 location = {Barcelona, Spain},
 pages = {19--24},
 numpages = {6},
 url = {http://doi.acm.org/10.1145/513400.513403},
 doi = {10.1145/513400.513403},
 acmid = {513403},
 publisher = {ACM},
 address = {New York, NY, USA},
 keywords = {complete graph, order type, rectilinear crossing number}
} 


@article{ware02,
          volume = {1},
          number = {2},
          author = {C. Ware and H.C. Purchase and L. Colpoys and M. McGill},
           title = {Cognitive measurements of graph aesthetics},
       publisher = {Palgrave Macmillan},
         journal = {Information Visualization},
           pages = {103--110},
            year = {2002},
             url = {http://eprints.gla.ac.uk/14111/}
}


@INPROCEEDINGS{Huang07, 
author={W. Huang}, 
booktitle={2007 6th International Asia-Pacific Symposium on Visualization}, 
title={Using eye tracking to investigate graph layout effects}, 
year={2007}, 
volume={}, 
number={}, 
pages={97-100}, 
keywords={computational geometry;data visualisation;graph theory;minimisation;search problems;eye tracking;graph layout effect;graph visualization;node-link diagram;geometric-path tendency;path search;node locating task;graph drawing;Delay;Australia;Information technology;Testing;Target tracking;Solid modeling;Data visualization;Minimization methods;Algorithm design and analysis;Social network services}, 
doi={10.1109/APVIS.2007.329282}, 
ISSN={}, 
month={Feb},}

@Article{Kob14,
author="Kobourov S.G. and Pupyrev S.and Saket B.",
title=" Are Crossings Important for Drawing Large Graphs?",
journal="Lecture Notes in Computer Science, Graph Drawing. GD 2014.",
editors = "Duncan C. and Symvonis A. ",
year="2014",
	publisher="Springer",
	location ="Berlin"}

@inproceedings{Sto11,
  author    = {Harald St{\"{o}}rrle},
  title     = {Expressing model constraints visually with {VMQL}},
  booktitle = {2011 {IEEE} Symposium on Visual Languages and Human-Centric Computing,
               {VL/HCC} 2011, Pittsburgh, PA, USA, September 18-22, 2011},
  pages     = {195--202},
  year      = {2011},
  url       = {https://doi.org/10.1109/VLHCC.2011.6070399},
  doi       = {10.1109/VLHCC.2011.6070399},
  timestamp = {Wed, 24 May 2017 08:28:46 +0200},
  biburl    = {https://dblp.org/rec/bib/conf/vl/Storrle11a},
  bibsource = {dblp computer science bibliography, https://dblp.org}
}

@inproceedings{Sto14,
  author    = {Harald St{\"{o}}rrle and
               Nick Baltsen and
               Henrik Christoffersen and
               Anja M. Maier},
  title     = {On the Impact of Diagram Layout: How Are Models Actually Read?},
  booktitle = {Joint Proceedings of {MODELS} 2014 Poster Session and the {ACM} Student
               Research Competition {(SRC)} co-located with the 17th International
               Conference on Model Driven Engineering Languages and Systems {(MODELS}
               2014), Valencia, Spain, September 28 - October 3, 2014.},
  pages     = {31--35},
  year      = {2014},
  url       = {http://ceur-ws.org/Vol-1258/poster7.pdf},
  timestamp = {Mon, 30 May 2016 16:28:38 +0200},
  biburl    = {https://dblp.org/rec/bib/conf/models/StorrleBCM14},
  bibsource = {dblp computer science bibliography, https://dblp.org}
}

@inproceedings{Garey:1974,
 author = {Garey, M. R. and Johnson, D. S. and Stockmeyer, L.},
 title = {Some Simplified NP-complete Problems},
 booktitle = {Proceedings of the Sixth Annual ACM Symposium on Theory of Computing},
 series = {STOC '74},
 year = {1974},
 location = {Seattle, Washington, USA},
 pages = {47--63},
 numpages = {17},
 url = {http://doi.acm.org/10.1145/800119.803884},
 doi = {10.1145/800119.803884},
 acmid = {803884},
 publisher = {ACM},
 address = {New York, NY, USA},
} 



@Article{Papadimitriou1976,
author="Papadimitriou, Ch. H.",
title="The NP-Completeness of the bandwidth minimization problem",
journal="Computing",
year="1976",
month="Sep",
day="01",
volume="16",
number="3",
pages="263--270",
abstract="The Problem of minimizing the bandwidth of the nonzero entries of a sparse symmetric matrix by permuting its rows and columns and some related combinatorial problems are shown to be NP-Complete.",
issn="1436-5057",
doi="10.1007/BF02280884",
url="https://doi.org/10.1007/BF02280884"
}

@book{booch2005unified,
	title={The unified modeling language user guide},
	author={Booch, Grady},
	year={2005},
	publisher={Pearson Education India}
}

@inproceedings{auer2007explorative,
	title={Explorative UML Modeling-Comparing the Usability of UML Tools.},
	author={Auer, Martin and Meyer, Ludwig and Biffl, Stefan},
	booktitle={ICEIS (3)},
	pages={466--474},
	year={2007}
}

@inproceedings{gbraun:ontobras:gbraun2016,
title = {{Towards a Visualisation Process for Ontology-Based Conceptual Modelling}},
booktitle = "ONTOBRAS",
year = {2016},
author = {Germ√°n Braun and
Christian Gimenez and
Laura Cecchi and
Pablo Fillottrani}
}

@misc{owl2:w3c12,
    author = "{World Wide Web Consortium (W3C)}",
    title = "{OWL 2 Web Ontology Language Document Overview (Second Edition)}",
    howpublished = {},
    year = {2012},
    note = {\url{http://www.w3.org/TR/owl2-overview/}, accedido en Junio de 2013}
}

@book{auer2003flyweight,
	title={A flyweight uml modelling tool for software development in heterogeneous environments},
	author={Auer, Martin and Tschurtschenthaler, Thomas and Biffl, Stefan},
	year={2003},
	publisher={IEEE}
}

@book{bollobas2013modern,
  title={Modern graph theory},
  author={Bollob{\'a}s, B{\'e}la},
  volume={184},
  year={2013},
  publisher={Springer Science \& Business Media}
}

@inproceedings{eichelberger2006class,
	title={On class diagrams, crossings and metrics},
	author={Eichelberger, Holger},
	booktitle={Dagstuhl Seminar Proceedings},
	year={2006},
	organization={Schloss Dagstuhl-Leibniz-Zentrum f{\"u}r Informatik}
}

@inproceedings{eichelberger2003uml,
	title={Uml class diagrams-state of the art in layout techniques},
	author={Eichelberger, Holger and von Gudenberg, Jurgen Wolff},
	booktitle={Proceeding of Vissoft 2003, International Workshop on Visualizing Software for Understanding and Analysis},
	year={2003},
	organization={Citeseer}
}

@inproceedings{cerans2012advanced,
	title={Advanced OWL 2.0 ontology visualization in OWLGrEd},
	author={Cerans, K and Ovcinnikova, J and Liepins, Renars and Sprogis, A},
	booktitle={Databases and Information Systems VII--Selected Papers from the 10th Int. Baltic Conference (DB\&IS)},
	year={2012}
}

@inproceedings{lohmann2014protegevowl,
	title={The Prot{\'e}g{\'e}VOWL plugin: ontology visualization for everyone},
	author={Lohmann, Steffen and Negru, Stefan and Bold, David},
	booktitle={European Semantic Web Conference},
	year={2014},
	organization={Springer}
}

@article{fillottrani2012icom,
	title={The ICOM 3.0 intelligent conceptual modelling tool and methodology},
	author={Fillottrani, Pablo R and Franconi, Enrico and Tessaris, Sergio},
	journal={Semantic Web},
	volume={3},
	number={3},
	year={2012},
	publisher={IOS Press}
}
@article{hlinveny2006crossing,
  title={Crossing number is hard for cubic graphs},
  author={Hlin{\v{e}}n{\`y}, Petr},
  journal={Journal of Combinatorial Theory, Series B},
  volume={96},
  number={4},
  pages={455--471},
  year={2006},
  publisher={Elsevier}
}

@inproceedings{knublauch2004protege,
	title={The Prot{\'e}g{\'e} OWL plugin: An open development environment for semantic web applications},
	author={Knublauch, Holger and Fergerson, Ray W and Noy, Natalya F and Musen, Mark A},
	booktitle={International Semantic Web Conference},
	year={2004},
	organization={Springer}
}

@inproceedings{gimenez2016crowd,
	title={crowd: A Tool for Conceptual Modelling assisted by Automated Reasoning},
	author={Gimenez, Christian and Braun, Germ{\'a}n and Cecchi, Laura and Fillottrani, Pablo Rub{\'e}n},
	booktitle={II Simposio Argentino de Ontolog{\'\i}as y sus Aplicaciones (SAOA 2016)-JAIIO 45 (Tres de Febrero, 2016)},
	year={2016}
}

@inproceedings{gimenez2017interoperabilidad,
	title={Interoperabilidad entre Lenguajes de Modelado Conceptual en crowd},
	author={Gimenez, Christian and Braun, Germ{\'a}n and Cecchi, Laura and Fillottrani, Pablo Rub{\'e}n},
	booktitle={XIX Workshop de Investigadores en Ciencias de la Computaci{\'o}n (WICC 2017, ITBA, Buenos Aires)},
	year={2017}
}

@inproceedings{brauntowards,
	title={Towards a visualisation process for ontology-based conceptual modelling},
	author={Braun, Germ{\'a}n and Gimenez, Christian and Cecchi, Laura and Fillottrani, Pablo},
	booktitle={ONTOBRAS--Brazilian Ontology Research Seminar (ONTOBRAS)},
	number={1862}
}

@book{baader2003description,
	title={The description logic handbook: Theory, implementation and applications},
	author={Baader, Franz},
	year={2003},
	publisher={Cambridge university press}
}

@inproceedings{fillottrani2014conceptual,
	title={Conceptual model interoperability: a metamodel-driven approach},
	author={Fillottrani, Pablo Rub{\'e}n and Keet, C Maria},
	booktitle={International Workshop on Rules and Rule Markup Languages for the Semantic Web},
	pages={52--66},
	year={2014},
	organization={Springer}
}

@article{garey1983crossing,
	title={Crossing number is NP-complete},
	author={Garey, Michael R and Johnson, David S},
	journal={SIAM Journal on Algebraic Discrete Methods},
	volume={4},
	number={3},
	year={1983},
	publisher={SIAM}
}

@article{turan1977note,
  title={A note of welcome},
  author={Tur{\'a}n, Paul},
  journal={Journal of Graph Theory},
  volume={1},
  number={1},
  pages={7--9},
  year={1977},
  publisher={Wiley Subscription Services, Inc., A Wiley Company New York}
}

@book{garey1979computers,
  title={Computers and intractability},
  author={Garey, Michael R and Johnson, David S},
  volume={174},
  year={1979},
  publisher={freeman San Francisco}
}
@inproceedings{halpin2005orm,
	title={ORM 2},
	author={Halpin, Terry},
	booktitle={OTM Confederated International Conferences On the Move to Meaningful Internet Systems},
	year={2005},
	organization={Springer}
}

@incollection{chen1988entity,
	title={The entity-relationship model‚Äîtoward a unified view of data},
	author={Chen, Peter Pin-Shan},
	booktitle={Readings in artificial intelligence and databases},
	pages={9--36},
	year={1988},
	publisher={Elsevier}
}

@inproceedings{raissi2017improving,
  title={Improving Readability of Software Model with Adding Visualized Extra Information to UML Diagram},
  author={Raissi, Reyhaneh},
  booktitle={Proceedings of the International Conference on Compute and Data Analysis},
  pages={28--32},
  year={2017},
  organization={ACM}
}

@inproceedings{hu2012rank,
  title={Rank-directed layout of UML class diagrams},
  author={Hu, Hao and Fang, Jun and Lu, Zhengcai and Zhao, Fengfei and Qin, Zheng},
  booktitle={Proceedings of the First International Workshop on Software Mining},
  pages={25--31},
  year={2012},
  organization={ACM}
}

@inproceedings{sun2005evaluating,
  title={On evaluating the layout of UML class diagrams for program comprehension},
  author={Sun, Dabo and Wong, Kenny},
  booktitle={Program Comprehension, 2005. IWPC 2005. Proceedings. 13th International Workshop on},
  pages={317--326},
  year={2005},
  organization={IEEE}
}

% bibliografia para este paper

@article{guy1960combinatorial,
	title={A combinatorial problem},
	author={Guy, Richard K},
	journal={Nabla (Bulletin of the Malayan Mathematical Society)},
	volume={7},
	pages={68--72},
	year={1960}
}

@article{he2007parallelisation,
	title={Parallelisation of genetic algorithms for the 2-page crossing number problem},
	author={He, Hongmei and Sykora, Ondrej and Salagean, AM and Makinen, Erkki},
	year={2007},
	publisher={{\copyright} Elsevier}
}

@article{eloranta2001timga,
	title={TimGA: a genetic algorithm for drawing undirected graphs},
	author={Eloranta, Timo and M{\"a}kinen, Erkki},
	journal={Divulgaciones Matematicas},
	volume={9},
	number={2},
	pages={155--171},
	year={2001}
}

@article{gibson2013survey,
	title={A survey of two-dimensional graph layout techniques for information visualisation},
	author={Gibson, Helen and Faith, Joe and Vickers, Paul},
	journal={Information visualization},
	volume={12},
	number={3-4},
	pages={324--357},
	year={2013},
	publisher={Sage Publications Sage UK: London, England}
}

@article{masuda1990crossing,
  title={Crossing minimization in linear embeddings of graphs},
  author={Masuda, Sumio and Nakajima, Kazuo and Kashiwabara, Toshinobu and Fujisawa, Thio},
  journal={IEEE Transactions on Computers},
  volume={39},
  number={1},
  pages={124--127},
  year={1990},
  publisher={IEEE}
}

@article{saaty1964minimum,
  title={The minimum number of intersections in complete graphs},
  author={Saaty, Thomas L},
  journal={Proceedings of the National Academy of Sciences},
  volume={52},
  number={3},
  pages={688--690},
  year={1964},
  publisher={National Acad Sciences}
}

@inproceedings{tunkelang1998jiggle,
	title={Jiggle: Java interactive graph layout environment},
	author={Tunkelang, Daniel},
	booktitle={International Symposium on Graph Drawing},
	pages={413--422},
	year={1998},
	organization={Springer}
}

@incollection{wiese2004yfiles,
  title={yfiles‚Äîvisualization and automatic layout of graphs},
  author={Wiese, Roland and Eiglsperger, Markus and Kaufmann, Michael},
  booktitle={Graph Drawing Software},
  pages={173--191},
  year={2004},
  publisher={Springer}
}

@inproceedings{ortmann2016sparse,
  title={A sparse stress model},
  author={Ortmann, Mark and Klimenta, Mirza and Brandes, Ulrik},
  booktitle={International Symposium on Graph Drawing and Network Visualization},
  pages={18--32},
  year={2016},
  organization={Springer}
}

@phdthesis{dib2018improved,
  title={Improved neighbourhood search-based methods for graph layout},
  author={Dib, Fadi},
  year={2018},
  school={University of Kent,}
}

@article{dib2018graph,
  title={Graph drawing using tabu search coupled with path relinking},
  author={Dib, Fadi K and Rodgers, Peter},
  journal={PloS one},
  volume={13},
  number={5},
  pages={e0197103},
  year={2018},
  publisher={Public Library of Science}
}

@article{marti2018tabu,
  title={Tabu search for the dynamic Bipartite Drawing Problem},
  author={Mart{\'\i}, Rafael and Mart{\'\i}nez-Gavara, Anna and S{\'a}nchez-Oro, Jes{\'u}s and Duarte, Abraham},
  journal={Computers \& Operations Research},
  volume={91},
  pages={1--12},
  year={2018},
  publisher={Elsevier}
}

@book{godsil2013algebraic,
  title={Algebraic graph theory},
  author={Godsil, Chris and Royle, Gordon F},
  volume={207},
  year={2013},
  publisher={Springer Science \& Business Media}
}

@book{bondy1976graph,
  title={Graph theory with applications},
  author={Bondy, John Adrian and Murty, Uppaluri Siva Ramachandra and others},
  volume={290},
  year={1976},
  publisher={Macmillan London}
}

@book{nishizeki2004planar,
  title={Planar graph drawing},
  author={Nishizeki, Takao and Rahman, Md Saidur},
  volume={12},
  year={2004},
  publisher={World Scientific Publishing Company}
}

@book{papadimitriou2003computational,
  title={Computational complexity},
  author={Papadimitriou, Christos H},
  year={2003},
  publisher={John Wiley and Sons Ltd.}
}

@book{arora2009computational,
  title={Computational complexity: a modern approach},
  author={Arora, Sanjeev and Barak, Boaz},
  year={2009},
  publisher={Cambridge University Press}
}

@article{diaz2002survey,
  title={A survey of graph layout problems},
  author={D{\'\i}az, Josep and Petit, Jordi and Serna, Maria},
  journal={ACM Computing Surveys (CSUR)},
  volume={34},
  number={3},
  pages={313--356},
  year={2002},
  publisher={ACM New York, NY, USA}
}

@book{gersting2007mathematical,
  title={Mathematical structures for computer science},
  author={Gersting, Judith L},
  year={2007},
  publisher={Macmillan}
}


@article{horridge2010owlviz,
  title={OWLViz},
  author={Horridge, Matthew},
  journal={Disponible en: http://protegewiki.stanford.edu/wiki/OWLViz},
  year={2010}
}

@article{falconer2010ontograf,
  title={OntoGraf},
  author={Falconer, Sean},
  journal={Prot{\'e}g{\'e} Wiki},
  year={2010}
}

@article{hitzler2009owl,
  title={OWL 2 web ontology language primer},
  author={Hitzler, Pascal and Kr{\"o}tzsch, Markus and Parsia, Bijan and Patel-Schneider, Peter F and Rudolph, Sebastian and others},
  journal={W3C recommendation},
  volume={27},
  number={1},
  pages={123},
  year={2009},
  publisher={World Wide Web Consortium (W3C)}
}

@misc{kunowski2012sova,
  title={SOVA--Simple Ontology Visualization API},
  author={Kunowski, P and Boinski, T},
  year={2012}
}

@book{grosan2011intelligent,
  title={Intelligent systems},
  author={Grosan, Crina and Abraham, Ajith},
  year={2011},
  publisher={Springer}
}

@book{back1997handbook,
  title={Handbook of evolutionary computation},
  author={B{\"a}ck, Thomas and Fogel, David B and Michalewicz, Zbigniew},
  year={1997},
  publisher={CRC Press}
}

@book{back1996evolutionary,
  title={Evolutionary algorithms in theory and practice: evolution strategies, evolutionary programming, genetic algorithms},
  author={Back, Thomas},
  year={1996},
  publisher={Oxford university press}
}

@book{holland1992adaptation,
  title={Adaptation in natural and artificial systems: an introductory analysis with applications to biology, control, and artificial intelligence},
  author={Holland, John Henry and others},
  year={1992},
  publisher={MIT press}
}

@article{goldberg1989genetic,
  title={Genetic algorithms in search},
  author={Goldberg, David E},
  journal={Optimization, and MachineLearning},
  year={1989},
  publisher={Addison Wesley Publishing Co. Inc.}
}

@article{fogel1966artificial,
  title={Artificial intelligence through simulated evolution},
  author={Fogel, Lawrence J and Owens, Alvin J and Walsh, Michael J},
  year={1966},
  publisher={Wiley}
}

@article{michalewicz1996genetic,
  title={Genetic algorithms+ data structures= evolution programs},
  author={Michalewicz, Zbigniew and Hartley, Stephen J},
  journal={Mathematical Intelligencer},
  volume={18},
  number={3},
  pages={71},
  year={1996},
  publisher={Berlin; New York: Springer-Verlag,[c1978-}
}

@article{vent1975rechenberg,
  title={Rechenberg, Ingo, Evolutionsstrategie‚ÄîOptimierung technischer Systeme nach Prinzipien der biologischen Evolution. 170 S. mit 36 Abb. Frommann-Holzboog-Verlag. Stuttgart 1973. Broschiert},
  author={Vent, W},
  journal={Feddes Repertorium},
  volume={86},
  number={5},
  pages={337--337},
  year={1975},
  publisher={Wiley Online Library}
}

@incollection{schwefel1977evolutionsstrategien,
  title={Evolutionsstrategien f{\"u}r die numerische optimierung},
  author={Schwefel, Hans-Paul},
  booktitle={Numerische Optimierung von Computer-Modellen mittels der Evolutionsstrategie},
  pages={123--176},
  year={1977},
  publisher={Springer}
}

@book{koza1992genetic,
  title={Genetic programming: on the programming of computers by means of natural selection},
  author={Koza, John R and Koza, John R},
  volume={1},
  year={1992},
  publisher={MIT press}
}

@book{eiben2003introduction,
  title={Introduction to evolutionary computing},
  author={Eiben, Agoston E and Smith, James E and others},
  volume={53},
  year={2003},
  publisher={Springer}
}

@article{geatbx,
  title={Evolutionary Algorithms Tutorial},
  journal={Disponible en: http://www.geatbx.com/}
}

@article{kobourov2012spring,
  title={Spring embedders and force directed graph drawing algorithms},
  author={Kobourov, Stephen G},
  journal={arXiv preprint arXiv:1201.3011},
  year={2012}
}

@article{gajer2002grip,
  title={GRIP: Graph drawing with intelligent placement},
  author={Gajer, Pawel and Kobourov, Stephen G},
  journal={J. Graph Algorithms Appl.},
  volume={6},
  number={3},
  pages={203--224},
  year={2002}
}

@inproceedings{liepinvs2014owlgred,
  title={OWLGrEd ontology visualizer},
  author={Liepin{\v{s}}, Renars and Grasmanis, Mikus and Bojars, Uldis},
  booktitle={Proceedings of the 2014 International Conference on Developers},
  volume={1268},
  pages={37--42},
  year={2014},
  organization={CEUR-WS. org}
}

@inproceedings{bekos2012smooth,
  title={Smooth orthogonal layouts},
  author={Bekos, Michael A and Kaufmann, Michael and Kobourov, Stephen G and Symvonis, Antonios},
  booktitle={International Symposium on Graph Drawing},
  pages={150--161},
  year={2012},
  organization={Springer}
}

@article{lohmann2016visualizing,
  title={Visualizing ontologies with VOWL},
  author={Lohmann, Steffen and Negru, Stefan and Haag, Florian and Ertl, Thomas},
  journal={Semantic Web},
  volume={7},
  number={4},
  pages={399--419},
  year={2016},
  publisher={IOS Press}
}

@inproceedings{peroni2008identifying,
  title={Identifying key concepts in an ontology, through the integration of cognitive principles with statistical and topological measures},
  author={Peroni, Silvio and Motta, Enrico and d‚ÄôAquin, Mathieu},
  booktitle={Asian Semantic Web Conference},
  pages={242--256},
  year={2008},
  organization={Springer}
}

@inproceedings{bohringer1990using,
  title={Using constraints to achieve stability in automatic graph layout algorithms},
  author={B{\"o}hringer, Karl-Friedrich and Paulisch, Frances Newbery},
  booktitle={Proceedings of the SIGCHI Conference on Human Factors in Computing Systems},
  pages={43--51},
  year={1990}
}

@inproceedings{marinelli2018algoritmos,
  title={Algoritmos de layout autom{\'a}tico para una herramienta multi-vistas de modelado ontol{\'o}gico},
  author={Marinelli, Giuliano and Braun, Germ{\'a}n and Cecchi, Laura and Fillottrani, Pablo Rub{\'e}n},
  booktitle={Workshop de Investigadores en Ciencias de la Computaci{\'o}n},
  volume={20},
  year={2018}
}